<?xml version="1.0" encoding="UTF-8"?><collection xmlns="http://www.loc.gov/MARC21/slim"><record><leader>00607nam--2200205-i-4500</leader><controlfield tag="001">000035033</controlfield><controlfield tag="002">20161230</controlfield><controlfield tag="005">20170118154357</controlfield><controlfield tag="008">060222s1000------------r-----000-0-eng-d</controlfield><datafield ind1=" " ind2=" " tag="020"><subfield code="a">3540511237</subfield></datafield><datafield ind1=" " ind2=" " tag="040"><subfield code="a">IFIN-HH</subfield></datafield><datafield ind1=" " ind2=" " tag="080"><subfield code="a">519.6</subfield></datafield><datafield ind1="1" ind2=" " tag="100"><subfield code="a">Nikiforov, A.F</subfield></datafield><datafield ind1="1" ind2="0" tag="245"><subfield code="a">Classical Orthogonal Polynomials of a Discrete Variable</subfield><subfield code="c">A.F. Nikiforov, S.K. Suslov, V.B. Uvarov</subfield></datafield><datafield ind1=" " ind2=" " tag="260"><subfield code="a">Berlin</subfield><subfield code="b">Springer-Verlag</subfield><subfield code="c">1991</subfield></datafield><datafield ind1=" " ind2=" " tag="300"><subfield code="a">xvi+374p. with 26 figures</subfield></datafield><datafield ind1=" " ind2=" " tag="490"><subfield code="a">Springer Series In Computational Physics</subfield></datafield><datafield ind1="1" ind2=" " tag="700"><subfield code="a">Uvarov, V.B</subfield></datafield><datafield ind1=" " ind2=" " tag="852"><subfield code="a">80395</subfield><subfield code="c">681.3</subfield></datafield><datafield ind1=" " ind2=" " tag="CAT"><subfield code="a">SYS</subfield><subfield code="c">20170118</subfield><subfield code="h">154357</subfield></datafield></record></collection>